
@comment{
articles{
  author    = {},
  title     = {},
  journal   = {},
  volume    = {},
  number    = {},
  pages     = {},
  year      = {},
}
}
