@comment{
inproceedings{
  author    = {Paper Authors}
  title     = {Paper Name},
  booktitle = {Conference Full/Abbr Name},
  address   = {Conference Venue},
  pages     = {},
  year      = {YYYY},
  url       = {},
} 
}