@comment{

inproceedings{
  author    = {Paper Authors}
  title     = {Paper Name},
  booktitle = {Conference Full/Abbr Name},
  address   = {Conference Venue},
  pages     = {},
  year      = {YYYY},
  url       = {},
}

OR

inproceedings{
  author    = {Paper Authors}
  title     = {Paper Name},
  booktitle = {Conference Full/Abbr Name},
  pages     = {},
  crossref  = {proceedings},
}

}

@inproceedings{ WebTesting,
	author    = {Filippo Ricca and 
				Paolo Tonella},
	title     = {Analysis and Testing of Web Applications },
	booktitle = {Proceedings of the 23rd International Conference on Software Engineering ICSE 2001},
	pages     = {25-34},
	year      = {2001},
}


@inproceedings{veriweb,
	author    = {Michael Benedikt and
				Juliana Freire and 
				Patrice Godefroid},
	title     = {Automatically testing dynamic web sites},
	booktitle = {11th Int Conf. World wide web (WWW02) },
	year      = {2002},
}


@inproceedings{Search-BasedTesting,
	author    = {Alessandro Marchetto and
				Paolo Tonella and 
				Fondazione Bruno Kessler-IRST},
	title     = {Search-Based Testing of Ajax Web Applications},
	booktitle = {IEEE - Search Based Software Engineering},
	pages     = {3 - 12},
	year      = {2009},
}

@inproceedings{ OracleProblem,
	author    = {Earl T. Barr and
				Mark Harman and 
				Phil McMinn and
				Muzammil Shahbaz and 
				Shin Yoo},
	title     = {The Oracle Problem in Software Testing:A Survey},
	booktitle = {IEEE Transactions on software Engineering},
	pages     = {507-525},
	year      = {2015},
} 


@inproceedings{ LIBSVM,
	author    = {Chih-Chung Chang and 
				Chih-Jen Lin},
	title     = {LIBSVM: A Library for Support Vector Machines},
	booktitle = {ACM Transactions on Intelligent Systems and Technology (TIST)},
	pages     = {1-39},
	year      = {2011},
}

@inproceedings{ SVM,
	author    = {Corinna Cortes and 
				Vladimir Vapnik},
	title     = {Support-Vector Networks},
	booktitle = {Machine Learning 20(3)},
	pages     = {273-297},
	year      = {1995},
}


@inproceedings{  DetectMetamorphic,
	author    = {Upulee Kanewala and 
				James M. Bieman},
	title     = {Using Machine Learning Techniques to Detect
				Metamorphic Relations for Programs without Test
				Oracles},
	booktitle = {IEEE 24th International Symposium on Software Reliability Enginerring ISSRE2013},
	pages     = {1-10},
	year      = {2013},
}


@inproceedings{ SupportProgramEvolution,
	author    = {Michael D. Ernst and 
				Jake Cockrell and
				William G. Griswoldand  and
				David Notkin},
	title     = {Dynamically Discovering Likely Program
				Invariants to Support Program Evolution},
	booktitle = {IEE ETransactions on Software Engineering},
	pages     = {99-123},
	year      = {2001},
}

@inproceedings{ ActiveLearning,
	author    = {Burr Settles},
	title     = {Active Learning Literature Survey},
	booktitle = {Machine Learning},
	pages     = {201-221},
	year      = {2010},
}
