@comment{
web{
title        = {},
url          = {},
}
}

@web{ jmeter,
	title        = {Apache Jmeter},
	url          = {http://jmeter.apache.org/},
},

@web{ WebToolsList,
	title        = {List of web testing tools},
	url          = {https://en.wikipedia.org/wiki/List_of_web_testing_tools},
},

@web{ beautifulsoup,
	title        = {},
	url          = {},
},

@web{ selenium,
	title        = {Selenium},
	url          = {http://www.seleniumhq.org/},
}
,
@web{ Teststudio,
	title        = {Test studio},
	url          = {http://www.telerik.com/teststudio},
},

@web{ Smartbear,
	title        = {Smart bear},
	url          = {https://smartbear.com/product/testcomplete/overview/},
}

@web{ crawljax,
	title        = {crawljax},
	url          = {http://crawljax.com/apidocs/},
}
@web{ popularWebs,
	title        = {Popular websites in Taiwan},
	url          = {http://www.bnext.com.tw/article/view/id/35475},
}